@book{Sze,
    title = {Semiconductor Devices: Physics and Technology},
    author = {Sze, Simon M. and Lee, Ming-Kwei L.},
    ASIN = {B01N4HY557},
    year = {1985},
    publisher = {John Wiley \& Sons},
    keywords = {physics}
}


